%YAML 1.1
%TAG !u! tag:unity3d.com,2011:
--- !u!1 &4189624449645680561
GameObject:
  m_ObjectHideFlags: 0
  m_CorrespondingSourceObject: {fileID: 0}
  m_PrefabInstance: {fileID: 0}
  m_PrefabAsset: {fileID: 0}
  serializedVersion: 6
  m_Component:
  - component: {fileID: 4189624449645680562}
  - component: {fileID: 4189624449645680563}
  - component: {fileID: 4189624449645680560}
  - component: {fileID: 464938116823232682}
  - component: {fileID: 7326335937150500880}
  - component: {fileID: 8681413777683162968}
  - component: {fileID: 3616694595109187493}
  - component: {fileID: 7186714631706929497}
  - component: {fileID: 5679451244090841960}
  - component: {fileID: 4802269534735436574}
  - component: {fileID: 50809025997667823}
  m_Layer: 8
  m_Name: Ajit 1
  m_TagString: Untagged
  m_Icon: {fileID: 0}
  m_NavMeshLayer: 0
  m_StaticEditorFlags: 4294967295
  m_IsActive: 1
--- !u!4 &4189624449645680562
Transform:
  m_ObjectHideFlags: 0
  m_CorrespondingSourceObject: {fileID: 0}
  m_PrefabInstance: {fileID: 0}
  m_PrefabAsset: {fileID: 0}
  m_GameObject: {fileID: 4189624449645680561}
  m_LocalRotation: {x: 0, y: 0, z: 0.000008726646, w: 1}
  m_LocalPosition: {x: -22.5, y: -22.5, z: 0}
  m_LocalScale: {x: 1, y: 1, z: 1}
  m_Children: []
  m_Father: {fileID: 0}
  m_RootOrder: 0
  m_LocalEulerAnglesHint: {x: 0, y: 0, z: 0}
--- !u!212 &4189624449645680563
SpriteRenderer:
  m_ObjectHideFlags: 0
  m_CorrespondingSourceObject: {fileID: 0}
  m_PrefabInstance: {fileID: 0}
  m_PrefabAsset: {fileID: 0}
  m_GameObject: {fileID: 4189624449645680561}
  m_Enabled: 1
  m_CastShadows: 0
  m_ReceiveShadows: 0
  m_DynamicOccludee: 1
  m_MotionVectors: 1
  m_LightProbeUsage: 1
  m_ReflectionProbeUsage: 1
  m_RenderingLayerMask: 1
  m_RendererPriority: 0
  m_Materials:
  - {fileID: 10754, guid: 0000000000000000f000000000000000, type: 0}
  m_StaticBatchInfo:
    firstSubMesh: 0
    subMeshCount: 0
  m_StaticBatchRoot: {fileID: 0}
  m_ProbeAnchor: {fileID: 0}
  m_LightProbeVolumeOverride: {fileID: 0}
  m_ScaleInLightmap: 1
  m_ReceiveGI: 1
  m_PreserveUVs: 0
  m_IgnoreNormalsForChartDetection: 0
  m_ImportantGI: 0
  m_StitchLightmapSeams: 1
  m_SelectedEditorRenderState: 0
  m_MinimumChartSize: 4
  m_AutoUVMaxDistance: 0.5
  m_AutoUVMaxAngle: 89
  m_LightmapParameters: {fileID: 0}
  m_SortingLayerID: 0
  m_SortingLayer: 0
  m_SortingOrder: 0
  m_Sprite: {fileID: 21300000, guid: 00ac3cb79eec2c34d9dd05699a1356d1, type: 3}
  m_Color: {r: 1, g: 1, b: 1, a: 1}
  m_FlipX: 0
  m_FlipY: 0
  m_DrawMode: 0
  m_Size: {x: 45, y: 45}
  m_AdaptiveModeThreshold: 0.5
  m_SpriteTileMode: 0
  m_WasSpriteAssigned: 1
  m_MaskInteraction: 0
  m_SpriteSortPoint: 0
--- !u!68 &4189624449645680560
EdgeCollider2D:
  m_ObjectHideFlags: 0
  m_CorrespondingSourceObject: {fileID: 0}
  m_PrefabInstance: {fileID: 0}
  m_PrefabAsset: {fileID: 0}
  m_GameObject: {fileID: 4189624449645680561}
  m_Enabled: 1
  m_Density: 1
  m_Material: {fileID: 0}
  m_IsTrigger: 0
  m_UsedByEffector: 0
  m_UsedByComposite: 0
  m_Offset: {x: 0, y: 0}
  m_EdgeRadius: 0.5
  m_Points:
  - {x: -18, y: 22.5}
  - {x: -14, y: 22.5}
  - {x: -14, y: 6.5}
  - {x: -12.5, y: 6.5}
  - {x: -12.5, y: 8.5}
  - {x: -11.5, y: 8.5}
  - {x: -11.5, y: 11.5}
  - {x: -10.5, y: 11.5}
  - {x: -10.5, y: 14.5}
  - {x: -9.5, y: 14.5}
  - {x: -9.5, y: 22.5}
  - {x: -6.5, y: 22.5}
  - {x: -5, y: 22.5}
  - {x: -3, y: 22.5}
  - {x: -2.5, y: 22.5}
  - {x: 3.5, y: 22.5}
  - {x: 4.5, y: 22.5}
  - {x: 6.5, y: 22.5}
  - {x: 7.5, y: 22.5}
  - {x: 10.5, y: 22.5}
  - {x: 10.5, y: 12.5}
  - {x: 11.5, y: 12.5}
  - {x: 11.5, y: 10.5}
  - {x: 12.5, y: 10.5}
  - {x: 12.5, y: 6.5}
  - {x: 13.5, y: 6.5}
  - {x: 13.5, y: 5.5}
  - {x: 14.5, y: 5.5}
  - {x: 14.5, y: 4.5}
  - {x: 15.5, y: 4.5}
  - {x: 15.5, y: 5.5}
  - {x: 16.5, y: 5.5}
  - {x: 16.5, y: 4.5}
  - {x: 17.5, y: 4.5}
  - {x: 17.5, y: 2.5}
  - {x: 18.5, y: 2.5}
  - {x: 18.5, y: 1.5}
  - {x: 19.5, y: 1.5}
  - {x: 19.5, y: -0.5}
  - {x: 20.5, y: -0.5}
  - {x: 20.5, y: -13.5}
  - {x: 18.5, y: -13.5}
  - {x: 18.5, y: -14.5}
  - {x: 17.5, y: -14.5}
  - {x: 17.5, y: -15.5}
  - {x: 16.5, y: -15.5}
  - {x: 16.5, y: -16.5}
  - {x: 15.5, y: -16.5}
  - {x: 15.5, y: -17.5}
  - {x: 12.5, y: -17.5}
  - {x: 12.5, y: -18.5}
  - {x: 4.5, y: -18.5}
  - {x: 4.5, y: -19.5}
  - {x: -0.5, y: -19.5}
  - {x: -0.5, y: -17.5}
  - {x: -4.5, y: -17.5}
  - {x: -4.5, y: -19.5}
  - {x: -13.5, y: -19.5}
  - {x: -13.5, y: -18.5}
  - {x: -14.5, y: -18.5}
  - {x: -14.5, y: -17.5}
  - {x: -16.5, y: -17.5}
  - {x: -16.5, y: -16.5}
  - {x: -17.5, y: -16.5}
  - {x: -17.5, y: -15.5}
  - {x: -18.5, y: -15.5}
  - {x: -18.5, y: -14.5}
  - {x: -19.5, y: -14.5}
  - {x: -19.5, y: -11.5}
  - {x: -20.5, y: -11.5}
  - {x: -20.5, y: 0.5}
  - {x: -18, y: 0.5}
  - {x: -18, y: 22.5}
--- !u!61 &464938116823232682
BoxCollider2D:
  m_ObjectHideFlags: 0
  m_CorrespondingSourceObject: {fileID: 0}
  m_PrefabInstance: {fileID: 0}
  m_PrefabAsset: {fileID: 0}
  m_GameObject: {fileID: 4189624449645680561}
  m_Enabled: 1
  m_Density: 1
  m_Material: {fileID: 0}
  m_IsTrigger: 0
  m_UsedByEffector: 0
  m_UsedByComposite: 0
  m_Offset: {x: -16, y: 10.5}
  m_SpriteTilingProperty:
    border: {x: 0, y: 0, z: 0, w: 0}
    pivot: {x: 0.5, y: 0.5}
    oldSize: {x: 45, y: 45}
    newSize: {x: 45, y: 45}
    adaptiveTilingThreshold: 0.5
    drawMode: 0
    adaptiveTiling: 0
  m_AutoTiling: 0
  serializedVersion: 2
  m_Size: {x: 4, y: 24.5}
  m_EdgeRadius: 0
--- !u!61 &7326335937150500880
BoxCollider2D:
  m_ObjectHideFlags: 0
  m_CorrespondingSourceObject: {fileID: 0}
  m_PrefabInstance: {fileID: 0}
  m_PrefabAsset: {fileID: 0}
  m_GameObject: {fileID: 4189624449645680561}
  m_Enabled: 1
  m_Density: 1
  m_Material: {fileID: 0}
  m_IsTrigger: 0
  m_UsedByEffector: 0
  m_UsedByComposite: 0
  m_Offset: {x: 5.2, y: 20.876055}
  m_SpriteTilingProperty:
    border: {x: 0, y: 0, z: 0, w: 0}
    pivot: {x: 0.5, y: 0.5}
    oldSize: {x: 45, y: 45}
    newSize: {x: 45, y: 45}
    adaptiveTilingThreshold: 0.5
    drawMode: 0
    adaptiveTiling: 0
  m_AutoTiling: 0
  serializedVersion: 2
  m_Size: {x: 4.5, y: 3.2478905}
  m_EdgeRadius: 0
--- !u!61 &8681413777683162968
BoxCollider2D:
  m_ObjectHideFlags: 0
  m_CorrespondingSourceObject: {fileID: 0}
  m_PrefabInstance: {fileID: 0}
  m_PrefabAsset: {fileID: 0}
  m_GameObject: {fileID: 4189624449645680561}
  m_Enabled: 1
  m_Density: 1
  m_Material: {fileID: 0}
  m_IsTrigger: 0
  m_UsedByEffector: 0
  m_UsedByComposite: 0
  m_Offset: {x: -4.7, y: 20}
  m_SpriteTilingProperty:
    border: {x: 0, y: 0, z: 0, w: 0}
    pivot: {x: 0.5, y: 0.5}
    oldSize: {x: 45, y: 45}
    newSize: {x: 45, y: 45}
    adaptiveTilingThreshold: 0.5
    drawMode: 0
    adaptiveTiling: 0
  m_AutoTiling: 0
  serializedVersion: 2
  m_Size: {x: 4.4, y: 5}
  m_EdgeRadius: 0
--- !u!61 &3616694595109187493
BoxCollider2D:
  m_ObjectHideFlags: 0
  m_CorrespondingSourceObject: {fileID: 0}
  m_PrefabInstance: {fileID: 0}
  m_PrefabAsset: {fileID: 0}
  m_GameObject: {fileID: 4189624449645680561}
  m_Enabled: 1
  m_Density: 1
  m_Material: {fileID: 0}
  m_IsTrigger: 0
  m_UsedByEffector: 0
  m_UsedByComposite: 0
  m_Offset: {x: 19.163357, y: -11.719238}
  m_SpriteTilingProperty:
    border: {x: 0, y: 0, z: 0, w: 0}
    pivot: {x: 0.5, y: 0.5}
    oldSize: {x: 45, y: 45}
    newSize: {x: 45, y: 45}
    adaptiveTilingThreshold: 0.5
    drawMode: 0
    adaptiveTiling: 0
  m_AutoTiling: 0
  serializedVersion: 2
  m_Size: {x: 1.3731537, y: 2.4257631}
  m_EdgeRadius: 0
--- !u!61 &7186714631706929497
BoxCollider2D:
  m_ObjectHideFlags: 0
  m_CorrespondingSourceObject: {fileID: 0}
  m_PrefabInstance: {fileID: 0}
  m_PrefabAsset: {fileID: 0}
  m_GameObject: {fileID: 4189624449645680561}
  m_Enabled: 1
  m_Density: 1
  m_Material: {fileID: 0}
  m_IsTrigger: 0
  m_UsedByEffector: 0
  m_UsedByComposite: 0
  m_Offset: {x: 19.052809, y: -6.119535}
  m_SpriteTilingProperty:
    border: {x: 0, y: 0, z: 0, w: 0}
    pivot: {x: 0.5, y: 0.5}
    oldSize: {x: 45, y: 45}
    newSize: {x: 45, y: 45}
    adaptiveTilingThreshold: 0.5
    drawMode: 0
    adaptiveTiling: 0
  m_AutoTiling: 0
  serializedVersion: 2
  m_Size: {x: 1.845417, y: 0.9444399}
  m_EdgeRadius: 0
--- !u!68 &5679451244090841960
EdgeCollider2D:
  m_ObjectHideFlags: 0
  m_CorrespondingSourceObject: {fileID: 0}
  m_PrefabInstance: {fileID: 0}
  m_PrefabAsset: {fileID: 0}
  m_GameObject: {fileID: 4189624449645680561}
  m_Enabled: 1
  m_Density: 1
  m_Material: {fileID: 0}
  m_IsTrigger: 0
  m_UsedByEffector: 0
  m_UsedByComposite: 0
  m_Offset: {x: 0, y: 0}
  m_EdgeRadius: 0
  m_Points:
  - {x: -9.4, y: 11}
  - {x: -9.4, y: 14}
--- !u!68 &4802269534735436574
EdgeCollider2D:
  m_ObjectHideFlags: 0
  m_CorrespondingSourceObject: {fileID: 0}
  m_PrefabInstance: {fileID: 0}
  m_PrefabAsset: {fileID: 0}
  m_GameObject: {fileID: 4189624449645680561}
  m_Enabled: 1
  m_Density: 1
  m_Material: {fileID: 0}
  m_IsTrigger: 0
  m_UsedByEffector: 0
  m_UsedByComposite: 0
  m_Offset: {x: 0, y: 0}
  m_EdgeRadius: 0
  m_Points:
  - {x: 10, y: 11}
  - {x: 10, y: 14}
--- !u!68 &50809025997667823
EdgeCollider2D:
  m_ObjectHideFlags: 0
  m_CorrespondingSourceObject: {fileID: 0}
  m_PrefabInstance: {fileID: 0}
  m_PrefabAsset: {fileID: 0}
  m_GameObject: {fileID: 4189624449645680561}
  m_Enabled: 1
  m_Density: 1
  m_Material: {fileID: 0}
  m_IsTrigger: 0
  m_UsedByEffector: 0
  m_UsedByComposite: 0
  m_Offset: {x: 0, y: 0}
  m_EdgeRadius: 0
  m_Points:
  - {x: -13.8, y: -2}
  - {x: -13.8, y: 6}
